<record><leader>00000cas a2200000 a 4500</leader><controlfield tag="001">612367091</controlfield><controlfield tag="006">m     o  d        </controlfield><controlfield tag="007">cr |||||||||||</controlfield><controlfield tag="008">100507d18421849gauwr nso     |    0eng c</controlfield><datafield ind1=" " ind2=" " tag="010"><subfield code="a">  2010233006</subfield></datafield><datafield ind1=" " ind2=" " tag="040"><subfield code="a">GUA</subfield><subfield code="b">eng</subfield><subfield code="c">GUA</subfield><subfield code="d">OCLCQ</subfield><subfield code="d">OCLCO</subfield><subfield code="d">OCLCQ</subfield><subfield code="d">OCLCF</subfield></datafield><datafield ind1=" " ind2=" " tag="042"><subfield code="a">pcc</subfield></datafield><datafield ind1=" " ind2=" " tag="043"><subfield code="a">n-us-ga</subfield></datafield><datafield ind1="1" ind2="4" tag="050"><subfield code="a">AN13.M175</subfield></datafield><datafield ind1="0" ind2=" " tag="130"><subfield code="a">Southern miscellany (Madison, Ga. : 1842 : Online)</subfield></datafield><datafield ind1="1" ind2="0" tag="245"><subfield code="a">Southern miscellany</subfield><subfield code="h">[electronic resource].</subfield></datafield><datafield ind1="1" ind2="0" tag="246"><subfield code="a">Southern miscellany, and upper Georgia Whig</subfield></datafield><datafield ind1=" " ind2=" " tag="260"><subfield code="a">[Madison, Ga.] :</subfield><subfield code="b">Cornelius R. Hanleiter</subfield></datafield><datafield ind1=" " ind2=" " tag="310"><subfield code="a">Weekly</subfield></datafield><datafield ind1="1" ind2=" " tag="362"><subfield code="a">Print began with v. 1, no. 1 (Apr. 5, 1842).</subfield></datafield><datafield ind1="1" ind2=" " tag="362"><subfield code="a">Ceased in 1849.</subfield></datafield><datafield ind1=" " ind2=" " tag="500"><subfield code="a">Variant title: &lt;Dec. 4, 1847&gt; Southern miscellany, and upper Georgia Whig.</subfield></datafield><datafield ind1=" " ind2=" " tag="500"><subfield code="a">Published at Atlanta, Ga., 1847-1849. Cf. Garrett, F.M. Atlanta and environs.</subfield></datafield><datafield ind1=" " ind2=" " tag="530"><subfield code="a">Also issued on microfilm from the University of Ga. Libraries, and in print.</subfield></datafield><datafield ind1=" " ind2=" " tag="588"><subfield code="a">Description based on: Vol. 6, no. 31 (Dec. 4, 1847); title from pdf image of caption (Georgia Historical Newspapers, viewed Apr. 26, 2010).</subfield></datafield><datafield ind1=" " ind2=" " tag="588"><subfield code="a">Latest issue consulted: Vol. 6, no. 31 (Dec. 4, 1847), viewed Apr. 26, 2010.</subfield></datafield><datafield ind1=" " ind2="0" tag="651"><subfield code="a">Madison (Ga.)</subfield><subfield code="v">Newspapers.</subfield></datafield><datafield ind1=" " ind2="0" tag="651"><subfield code="a">Morgan County (Ga.)</subfield><subfield code="v">Newspapers.</subfield></datafield><datafield ind1=" " ind2="0" tag="651"><subfield code="a">Atlanta (Ga.)</subfield><subfield code="v">Newspapers.</subfield></datafield><datafield ind1=" " ind2="0" tag="651"><subfield code="a">Fulton County (Ga.)</subfield><subfield code="v">Newspapers.</subfield></datafield><datafield ind1=" " ind2="7" tag="655"><subfield code="a">Newspapers.</subfield><subfield code="2">fast</subfield><subfield code="0">(OCoLC)fst01423814</subfield></datafield><datafield ind1=" " ind2="7" tag="651"><subfield code="a">Georgia</subfield><subfield code="z">Atlanta.</subfield><subfield code="2">fast</subfield><subfield code="0">(OCoLC)fst01204627</subfield></datafield><datafield ind1=" " ind2="7" tag="651"><subfield code="a">Georgia</subfield><subfield code="z">Fulton County.</subfield><subfield code="2">fast</subfield><subfield code="0">(OCoLC)fst01211153</subfield></datafield><datafield ind1=" " ind2="7" tag="651"><subfield code="a">Georgia</subfield><subfield code="z">Madison.</subfield><subfield code="2">fast</subfield><subfield code="0">(OCoLC)fst01220280</subfield></datafield><datafield ind1=" " ind2="7" tag="651"><subfield code="a">Georgia</subfield><subfield code="z">Morgan County.</subfield><subfield code="2">fast</subfield><subfield code="0">(OCoLC)fst01212298</subfield></datafield><datafield ind1=" " ind2=" " tag="752"><subfield code="a">United States</subfield><subfield code="b">Georgia</subfield><subfield code="c">Fulton</subfield><subfield code="d">Atlanta.</subfield></datafield><datafield ind1=" " ind2=" " tag="752"><subfield code="a">United States</subfield><subfield code="b">Georgia</subfield><subfield code="c">Morgan</subfield><subfield code="d">Madison.</subfield></datafield><datafield ind1="1" ind2=" " tag="776"><subfield code="t">Southern miscellany (Madison, Ga. : 1842)</subfield><subfield code="w">(DLC)sn 83016185</subfield><subfield code="w">(OCoLC)9612599</subfield></datafield><datafield ind1="4" ind2="0" tag="856"><subfield code="u">http://atlnewspapers.galileo.usg.edu/atlnewspapers/search?sort=year&amp;title=Southern+Miscellany&amp;source.page=1</subfield></datafield></record>